<?xml version="1.0" encoding="UTF-8"?><collection xmlns="http://www.loc.gov/MARC21/slim"><record><leader>00546nam--2200181-i-4500</leader><controlfield tag="001">000023923</controlfield><controlfield tag="002">20161230</controlfield><controlfield tag="005">20161230201035</controlfield><controlfield tag="008">060222s1000------------r-----000-0-fre-d</controlfield><datafield ind1=" " ind2=" " tag="040"><subfield code="a">IFIN-HH</subfield></datafield><datafield ind1=" " ind2=" " tag="041"><subfield code="a">fre</subfield></datafield><datafield ind1=" " ind2=" " tag="080"><subfield code="a">536:532.5(043)</subfield></datafield><datafield ind1="1" ind2=" " tag="100"><subfield code="a">Hom, Jean-francois</subfield></datafield><datafield ind1="1" ind2="0" tag="245"><subfield code="a">Methode experimentale d`etude des equilibres liquide-vapeur des systemes hydorogene-hydrocarbures jusqu`a 400 bars et 400 c</subfield><subfield code="b">These</subfield><subfield code="c">Jean-francois hom</subfield></datafield><datafield ind1=" " ind2=" " tag="260"><subfield code="a">Paris</subfield><subfield code="b">Orsay</subfield><subfield code="c">1978</subfield></datafield><datafield ind1=" " ind2=" " tag="300"><subfield code="a">155P</subfield></datafield><datafield ind1=" " ind2=" " tag="852"><subfield code="a">48414</subfield><subfield code="c">536</subfield></datafield><datafield ind1=" " ind2=" " tag="CAT"><subfield code="a">Sys</subfield><subfield code="c">20110510</subfield><subfield code="h">114722</subfield></datafield></record></collection>